@article{koppel2002automatically,
  title={Automatically categorizing written texts by author gender},
  author={Koppel, Moshe and Argamon, Shlomo and Shimoni, Anat Rachel},
  journal={Literary and Linguistic Computing},
  volume={17},
  number={4},
  pages={401--412},
  year={2002},
  publisher={ALLC}
}

@article{jockers2013significant,
  title={Significant themes in 19th-century literature},
  author={Jockers, Matthew L and Mimno, David},
  journal={Poetics},
  volume={41},
  number={6},
  pages={750--769},
  year={2013},
  publisher={Elsevier}
}

@article{jurafsky2014narrative,
  title={Narrative framing of consumer sentiment in online restaurant reviews},
  author={Jurafsky, Dan and Chahuneau, Victor and Routledge, Bryan R and Smith, Noah A},
  journal={First Monday},
  volume={19},
  number={4},
  year={2014}
}

@inproceedings{elson2010extracting,
  title={Extracting social networks from literary fiction},
  author={Elson, David K and Dames, Nicholas and McKeown, Kathleen R},
  booktitle={Proceedings of the 48th annual meeting of the association for computational linguistics},
  pages={138--147},
  year={2010},
  organization={Association for Computational Linguistics}
}

@inproceedings{chang2009reading,
  title={Reading tea leaves: How humans interpret topic models},
  author={Chang, Jonathan and Gerrish, Sean and Wang, Chong and Boyd-Graber, Jordan L and Blei, David M},
  booktitle={Advances in neural information processing systems},
  pages={288--296},
  year={2009}
}

@inproceedings{chetviorkin2012extraction,
  title={Extraction of Russian Sentiment Lexicon for Product Meta-Domain.},
  author={Chetviorkin, Ilia and Loukachevitch, Natalia V},
  booktitle={COLING},
  pages={593--610},
  year={2012},
  organization={Citeseer}
}

@inproceedings{nguyen2013old,
  title={" How old do you think I am?" A study of language and age in Twitter},
  author={Nguyen, Dong-Phuong and Gravel, Rilana and Trieschnigg, Rudolf Berend and Meder, Theo},
  year={2013},
  publisher={AAAI Press},
  booktitle =    {Proceedings of the Seventh International AAAI Conference on Weblogs and Social Media},
  pages =        {439-448}
}

@inproceedings{levy2014neural,
  title={Neural word embedding as implicit matrix factorization},
  author={Levy, Omer and Goldberg, Yoav},
  booktitle={Advances in neural information processing systems},
  pages={2177--2185},
  year={2014}
}

@article{bamman2014gender,
  title={Gender identity and lexical variation in social media},
  author={Bamman, David and Eisenstein, Jacob and Schnoebelen, Tyler},
  journal={Journal of Sociolinguistics},
  volume={18},
  number={2},
  pages={135--160},
  year={2014},
  publisher={Wiley Online Library}
}

@inproceedings{prabhakaran2016predicting,
  title={Predicting the rise and fall of scientific topics from trends in their rhetorical framing},
  author={Prabhakaran, Vinodkumar and Hamilton, William L and McFarland, Dan and Jurafsky, Dan},
  booktitle={Proceedings of the 54th Annual Meeting of the Association for Computational Linguistics (Volume 1: Long Papers)},
  volume={1},
  pages={1170--1180},
  year={2016}
}

@inproceedings{mimno2011optimizing,
  title={Optimizing semantic coherence in topic models},
  author={Mimno, David and Wallach, Hanna and Talley, Edmund and Leenders, Miriam and McCallum, Andrew},
  booktitle={Proceedings of the 2011 conference on empirical methods in natural language processing},
  pages={262--272},
  year={2011}
}

@inproceedings{chetviorkin2012extraction,
  title={Extraction of Russian Sentiment Lexicon for Product Meta-Domain.},
  author={Chetviorkin, Ilia and Loukachevitch, Natalia V},
  booktitle={COLING},
  pages={593--610},
  year={2012},
  organization={Citeseer}
}
